
@article{bahdanau2014neural,
  title={Neural machine translation by jointly learning to align and translate},
  author={Bahdanau, Dzmitry and Cho, Kyunghyun and Bengio, Yoshua},
  journal={arXiv preprint arXiv:1409.0473},
  year={2014}
}

@article{Robinson2020,
  title    = "{IPD-IMGT/HLA Database}",
  author   = "Robinson, James and Barker, Dominic J and Georgiou, Xenia and
              Cooper, Michael A and Flicek, Paul and Marsh, Steven G E",
  journal  = "Nucleic acids research",
  volume   =  48,
  number   = "D1",
  pages    = "D948--D955",
  month    =  jan,
  year     =  2020,
  language = "en",
  issn     = "0305-1048, 1362-4962",
  pmid     = "31667505",
  doi      = "10.1093/nar/gkz950",
  pmc      = "PMC7145640"
}

@ARTICLE{Pappas2016,
  title    = "{Bridging ImmunoGenomic Data Analysis Workflow Gaps (BIGDAWG): An integrated case-control analysis pipeline}",
  author   = "Pappas, Derek J and Marin, Wesley and Hollenbach, Jill A and
              Mack, Steven J",
  journal  = "Human immunology",
  volume   =  77,
  number   =  3,
  pages    = "283--287",
  month    =  mar,
  year     =  2016,
  keywords = "Amino-acid analysis; BIGDAWG; Case-control analysis; HLA KIR data
              analysis; Haplotype analysis; Hardy--Weinberg testing; R package;
              Web app",
  language = "en",
  issn     = "0198-8859, 1879-1166",
  pmid     = "26708359",
  doi      = "10.1016/j.humimm.2015.12.006",
  pmc      = "PMC4828284"
}

@misc{imgthla,
  author = "Robinson, James and Barker, Dominic and Georgiou, Xenia and Cooper, Michael",
  title = {A GitHub repository with files currently published in the IPD-IMGT/HLA FTP Directory hosted at the European Bioinformatics Institute},
  year = {2014},
  publisher = {GitHub},
  journal = {GitHub repository},
  url = {https://github.com/ANHIG/IMGTHLA}
}


@UNPUBLISHED{Sakaue2022,
  title    = "{A statistical genetics guide to identifying HLA alleles driving
              complex disease}",
  author   = "Sakaue, Saori and Gurajala, Saisriram and Curtis, Michelle and
              Luo, Yang and Choi, Wanson and Ishigaki, Kazuyoshi and Kang,
              Joyce B and Rumker, Laurie and Deutsch, Aaron J and
              Sch{\"o}nherr, Sebastian and Forer, Lukas and LeFaive, Jonathon
              and Fuchsberger, Christian and Han, Buhm and Lenz, Tobias L and
              de Bakker, Paul I W and Smith, Albert V and Raychaudhuri, Soumya",
  journal  = "bioRxiv",
  pages    = "2022.08.24.504550",
  month    =  aug,
  year     =  2022,
  language = "en",
  doi      = "10.1101/2022.08.24.504550"
}


@ARTICLE{Kennedy2017,
  title    = "{What has GWAS done for HLA and disease associations?}",
  author   = "Kennedy, A E and Ozbek, U and Dorak, M T",
  journal  = "International journal of immunogenetics",
  volume   =  44,
  number   =  5,
  pages    = "195--211",
  month    =  oct,
  year     =  2017,
  keywords = "HLA complex; disease predisposition; genetic predisposition to disease; genetic variation; genome biology; genomewide association studies",
  language = "en",
  issn     = "1744-3121, 1744-313X",
  pmid     = "28877428",
  doi      = "10.1111/iji.12332"
}

@ARTICLE{Gonzalez-Galarza2020,
  title    = "{Allele frequency net database (AFND) 2020 update: gold-standard data classification, open access genotype data and new query tools}",
  author   = "Gonzalez-Galarza, Faviel F and McCabe, Antony and Santos, Eduardo
              J Melo Dos and Jones, James and Takeshita, Louise and
              Ortega-Rivera, Nestor D and Cid-Pavon, Glenda M Del and
              Ramsbottom, Kerry and Ghattaoraya, Gurpreet and Alfirevic, Ana
              and Middleton, Derek and Jones, Andrew R",
  journal  = "Nucleic acids research",
  volume   =  48,
  number   = "D1",
  pages    = "D783--D788",
  month    =  jan,
  year     =  2020,
  language = "en",
  issn     = "0305-1048, 1362-4962",
  pmid     = "31722398",
  doi      = "10.1093/nar/gkz1029",
  pmc      = "PMC7145554"
}

@article{Pierini2018,
  title = {Divergent Allele Advantage at Human MHC Genes: Signatures of Past and Ongoing Selection},
  volume = {35},
  ISSN = {1537-1719},
  url = {http://dx.doi.org/10.1093/molbev/msy116},
  DOI = {10.1093/molbev/msy116},
  number = {9},
  journal = {Molecular Biology and Evolution},
  publisher = {Oxford University Press (OUP)},
  author = {Pierini,  Federica and Lenz,  Tobias L},
  editor = {Wilke,  Claus},
  year = {2018},
  month = jun,
  pages = {2145–2158}
}

@misc{McInnes2018,
  doi = {10.48550/ARXIV.1802.03426},
  url = {https://arxiv.org/abs/1802.03426},
  author = {McInnes,  Leland and Healy,  John and Melville,  James},
  keywords = {Machine Learning (stat.ML),  Computational Geometry (cs.CG),  Machine Learning (cs.LG),  FOS: Computer and information sciences,  FOS: Computer and information sciences},
  title = {UMAP: Uniform Manifold Approximation and Projection for Dimension Reduction},
  publisher = {arXiv},
  year = {2018},
  copyright = {arXiv.org perpetual,  non-exclusive license}
}

@article{Krishna2023,
  title = {The influence of HLA genetic variation on plasma protein expression},
  url = {http://dx.doi.org/10.1101/2023.07.24.550394},
  DOI = {10.1101/2023.07.24.550394},
  publisher = {Cold Spring Harbor Laboratory},
  author = {Krishna,  Chirag and Chiou,  Joshua and Lee,  Isac and Kim,  Hye In and Aksit,  Melis Atalar and Sakaue,  Saori and Schack,  David Von and Raychaudhuri,  Soumya and Ziemek,  Daniel and Hu,  Xinli},
  year = {2023},
  month = jul 
}

@article{Claeys2023,
  title = {Benchmark of tools for in silico prediction of MHC class I and class II genotypes from NGS data},
  volume = {24},
  ISSN = {1471-2164},
  url = {http://dx.doi.org/10.1186/s12864-023-09351-z},
  DOI = {10.1186/s12864-023-09351-z},
  number = {1},
  journal = {BMC Genomics},
  publisher = {Springer Science and Business Media LLC},
  author = {Claeys,  Arne and Merseburger,  Peter and Staut,  Jasper and Marchal,  Kathleen and Van den Eynden,  Jimmy},
  year = {2023},
  month = may 
}

@article{Sakaue2023,
  title = {Tutorial: a statistical genetics guide to identifying HLA alleles driving complex disease},
  volume = {18},
  ISSN = {1750-2799},
  url = {http://dx.doi.org/10.1038/s41596-023-00853-4},
  DOI = {10.1038/s41596-023-00853-4},
  number = {9},
  journal = {Nature Protocols},
  publisher = {Springer Science and Business Media LLC},
  author = {Sakaue,  Saori and Gurajala,  Saisriram and Curtis,  Michelle and Luo,  Yang and Choi,  Wanson and Ishigaki,  Kazuyoshi and Kang,  Joyce B. and Rumker,  Laurie and Deutsch,  Aaron J. and Sch\"{o}nherr,  Sebastian and Forer,  Lukas and LeFaive,  Jonathon and Fuchsberger,  Christian and Han,  Buhm and Lenz,  Tobias L. and de Bakker,  Paul I. W. and Okada,  Yukinori and Smith,  Albert V. and Raychaudhuri,  Soumya},
  year = {2023},
  month = jul,
  pages = {2625–2641}
}

@article{Choi2020,
  title = {HATK: HLA analysis toolkit},
  volume = {37},
  ISSN = {1367-4811},
  url = {http://dx.doi.org/10.1093/bioinformatics/btaa684},
  DOI = {10.1093/bioinformatics/btaa684},
  number = {3},
  journal = {Bioinformatics},
  publisher = {Oxford University Press (OUP)},
  author = {Choi,  Wanson and Luo,  Yang and Raychaudhuri,  Soumya and Han,  Buhm},
  editor = {Valencia,  Alfonso},
  year = {2020},
  month = jul,
  pages = {416–418}
}

@article{Wakeland1990,
  title = {Ancestral polymorphisms of MHC class II genes: Divergent allele advantage},
  volume = {9},
  ISSN = {1559-0755},
  url = {http://dx.doi.org/10.1007/BF02918202},
  DOI = {10.1007/bf02918202},
  number = {2},
  journal = {Immunologic Research},
  publisher = {Springer Science and Business Media LLC},
  author = {Wakeland,  Edward K. and Boehme,  Stefen and She,  Jin Xiong and Lu,  Cheng-Chan and McIndoe,  Richard A. and Cheng,  Ivan and Ye,  Ying and Potts,  Wayne K.},
  year = {1990},
  month = jun,
  pages = {115–122}
}

@article{Marsh2010,
  title = {Nomenclature for factors of the HLA system,  2010},
  volume = {75},
  ISSN = {1399-0039},
  url = {http://dx.doi.org/10.1111/j.1399-0039.2010.01466.x},
  DOI = {10.1111/j.1399-0039.2010.01466.x},
  number = {4},
  journal = {Tissue Antigens},
  publisher = {Wiley},
  author = {Marsh,  S. G. E. and Albert,  E. D. and Bodmer,  W. F. and Bontrop,  R. E. and Dupont,  B. and Erlich,  H. A. and Fernández‐Viña,  M. and Geraghty,  D. E. and Holdsworth,  R. and Hurley,  C. K. and Lau,  M. and Lee,  K. W. and Mach,  B. and Maiers,  M. and Mayr,  W. R. and M\"{u}ller,  C. R. and Parham,  P. and Petersdorf,  E. W. and Sasazuki,  T. and Strominger,  J. L. and Svejgaard,  A. and Terasaki,  P. I. and Tiercy,  J. M. and Trowsdale,  J.},
  year = {2010},
  month = mar,
  pages = {291–455}
}
